@INPROCEEDINGS{Salmon11,
  author={J. K. {Salmon} and M. A. {Moraes} and R. O. {Dror} and D. E. {Shaw}},
  booktitle={SC '11: Proceedings of 2011 International Conference for High Performance Computing, Networking, Storage and Analysis}, 
  title={Parallel random numbers: As easy as 1, 2, 3}, 
  year={2011},
  volume={},
  number={},
  pages={1-12},
}


@misc{melissaweb,
    author    = "Melissa. E. O'Neill",
    title     = "PCG, A Family of Better Random Number Generators",
    url       = "http://www.pcg-random.org/",
    year      = {2014},
    note      = "Last accessed [19-03-2019]. Last updated [02-07-2018]"
}

@techreport{melissapaper,
    title = "PCG: A Family of Simple Fast Space-Efficient Statistically Good Algorithms for Random Number Generation",
    author = "Melissa E. O'Neill",
    institution = "Harvey Mudd College",
    address = "Claremont, CA",
    number = "HMC-CS-2014-0905",
    year = "2014",
    month = Sep,
    url = "https://www.cs.hmc.edu/tr/hmc-cs-2014-0905.pdf",
}

@misc{vignaweb,
    author    = "Sebastiano Vigna",
    title     = "The wrap-up on PCG generators",
    url       = "http://pcg.di.unimi.it/pcg.php",
    note      = "Last accessed [02-03-2019]."
}

@misc{vignacode,
    author    = "Sebastiano Vigna",
    title     = "predpcg.c",
    year      = "2018",
    url       = "http://pcg.di.unimi.it/predpcg.c",
    note      = "Last accessed [01-03-2019]."
}

@Article{Boyar1989,
	author    = "Boyar, Joan",
	title     ="Inferring sequences produced by a linear congruential generator missing low-order bits",
	journal   ="Journal of Cryptology",
	year      ="1989",
	month     ="Oct",
	day       ="01",
	volume    ="1",
	number    ="3",
	pages     ="177--184",
	abstract  ="An efficient algorithm is given for inferring sequences produced by linear congruential pseudorandom number generators when some of the low-order bits of the numbers produced are unavailable. These generators have the formXn=aXn−1+b (modm). We assume that the constantsa,b, andm are unknown, and thatt=O(log logm) of the low-order bits are not used.",
	issn      ="1432-1378",
	doi       ="10.1007/BF02252875",
	url       ="https://doi.org/10.1007/BF02252875"
}

@article{Frieze,
    author     = {Frieze, Alan M. and Hastad, Johan and Kannan, Ravi and Lagarias, Jeffrey C. and Shamir, Adi},
    title      = {Reconstructing Truncated Integer Variables Satisfying Linear Congruences},
    journal    = {SIAM J. Comput.},
    issue_date = {April 1988},
    volume     = {17},
    number     = {2},
    month      = apr,
    year       = {1988},
    issn       = {0097-5397},
    pages      = {262--280},
    numpages   = {19},
    url        = {http://dx.doi.org/10.1137/0217016},
    doi        = {10.1137/0217016},
    acmid      = {45479},
    publisher  = {Society for Industrial and Applied Mathematics},
    address    = {Philadelphia, PA, USA},
} 

@article{survey,
  author    = {Kamalika Bhattacharjee and
               Krishnendu Maity and
               Sukanta Das},
  title     = {A Search for Good Pseudo-random Number Generators : Survey and Empirical
               Studies},
  journal   = {CoRR},
  volume    = {abs/1811.04035},
  year      = {2018},
  url       = {http://arxiv.org/abs/1811.04035},
  archivePrefix = {arXiv},
  eprint    = {1811.04035},
  timestamp = {Fri, 23 Nov 2018 12:43:51 +0100},
  biburl    = {https://dblp.org/rec/bib/journals/corr/abs-1811-04035},
  bibsource = {dblp computer science bibliography, https://dblp.org}
}
@misc{LLLstack,
    author    = "Samuel Neves",
    title     = "Problem with LLL reduction on truncated LCG schemes",
    year      = "2016",
    url       = "https://crypto.stackexchange.com/questions/37836/problem-with-lll-reduction-on-truncated-lcg-schemes",
    note      = "Last accessed [25-05-2019]."
}

@inproceedings{LLLpastack,
  title={An Introduction to Lenstra-Lenstra-Lovasz Lattice Basis Reduction Algorithm},
  author={Xinyue Deng},
  year={2016}
}

@manual{sagemath,
  Key          = {SageMath},
  Author       = {{The Sage Developers}},
  Title        = {{S}ageMath, the {S}age {M}athematics {S}oftware {S}ystem ({V}ersion 8.1)},
  note         = {{\tt https://www.sagemath.org}},
  Year         = {2019},
}

%PCG-Random, \textit{On Vigna's PCG Critique}, PCG-Random, 25-05-2018. [Online]. Disponible sur : http://www.pcg-random.org/posts/on-vignas-pcg-critique.html. [Consulté le : 02-03-2019]\newline


%Wikipedia, \textit{Lenstra–Lenstra–Lovász lattice basis reduction algorithm}, Wikipedia the free Encyclopedia, modifié le 01-02-2019 [Online]. Disponible sur : https://en.wikipedia.org/wiki/Lenstra-Lenstra-Lová1sz\_lattice\_basis\_reduction\_algorithm. [Consulté le : 20-03-2019]\newline
